<?xml version="1.0" encoding="UTF-8"?><collection xmlns="http://www.loc.gov/MARC21/slim"><record><leader>00469nam--2200157-i-4500</leader><controlfield tag="001">000028432</controlfield><controlfield tag="002">20161230</controlfield><controlfield tag="005">20170113225741</controlfield><controlfield tag="008">060222s1000------------r-----000-0-eng-d</controlfield><datafield ind1=" " ind2=" " tag="080"><subfield code="a">678.7:547</subfield></datafield><datafield ind1=" " ind2=" " tag="100"><subfield code="a">Lenz, Robert W</subfield></datafield><datafield ind1=" " ind2=" " tag="245"><subfield code="a">Organic chemistry of synthetic high polymers. With contributions by Darrell C.Feay and Nathaniel S.Schneider</subfield></datafield><datafield ind1=" " ind2=" " tag="260"><subfield code="a">New York</subfield><subfield code="b">Interscience Publ</subfield><subfield code="c">1967</subfield></datafield><datafield ind1=" " ind2=" " tag="300"><subfield code="a">XVI + 837 p</subfield></datafield><datafield ind1=" " ind2=" " tag="852"><subfield code="a">29646</subfield></datafield><datafield ind1=" " ind2=" " tag="CAT"><subfield code="a">SYS</subfield><subfield code="c">20170113</subfield><subfield code="h">225741</subfield></datafield></record></collection>